@misc{apostolov2016ale,
      title={ALE scalar-flat K\"ahler metrics on non-compact weighted projective spaces}, 
      author={Vestislav Apostolov and Yann Rollin},
      year={2016},
      eprint={1510.02226},
      archivePrefix={arXiv},
      primaryClass={math.DG}
}

@misc{jaber2022stage,
      title={Caractérisation des singularité de type J}, 
      author={Habib Jaber},
      year={2022},
}

@misc{sylvester1882,
      title={On subinvariants, i.e. Semi-Invariants to Binary Quantics of an Unlimited Order},
      author={James Joseph Sylvester},
      year={1882},
}